%YAML 1.1
%TAG !u! tag:unity3d.com,2011:
--- !u!1 &54172192252403204
GameObject:
  m_ObjectHideFlags: 0
  m_CorrespondingSourceObject: {fileID: 0}
  m_PrefabInstance: {fileID: 0}
  m_PrefabAsset: {fileID: 0}
  serializedVersion: 6
  m_Component:
  - component: {fileID: 6120167287683820886}
  m_Layer: 0
  m_Name: Bone.005
  m_TagString: Untagged
  m_Icon: {fileID: 0}
  m_NavMeshLayer: 0
  m_StaticEditorFlags: 0
  m_IsActive: 1
--- !u!4 &6120167287683820886
Transform:
  m_ObjectHideFlags: 0
  m_CorrespondingSourceObject: {fileID: 0}
  m_PrefabInstance: {fileID: 0}
  m_PrefabAsset: {fileID: 0}
  m_GameObject: {fileID: 54172192252403204}
  serializedVersion: 2
  m_LocalRotation: {x: 0, y: -7.1054274e-15, z: -0, w: 1}
  m_LocalPosition: {x: -0, y: 0.0070681344, z: 0}
  m_LocalScale: {x: 1, y: 1, z: 1}
  m_ConstrainProportionsScale: 0
  m_Children:
  - {fileID: 6185019522389261069}
  m_Father: {fileID: 4845470572278570956}
  m_LocalEulerAnglesHint: {x: 0, y: 0, z: 0}
--- !u!1 &278809744111042580
GameObject:
  m_ObjectHideFlags: 0
  m_CorrespondingSourceObject: {fileID: 0}
  m_PrefabInstance: {fileID: 0}
  m_PrefabAsset: {fileID: 0}
  serializedVersion: 6
  m_Component:
  - component: {fileID: 4440379300580900899}
  m_Layer: 0
  m_Name: Bone.001
  m_TagString: Untagged
  m_Icon: {fileID: 0}
  m_NavMeshLayer: 0
  m_StaticEditorFlags: 0
  m_IsActive: 1
--- !u!4 &4440379300580900899
Transform:
  m_ObjectHideFlags: 0
  m_CorrespondingSourceObject: {fileID: 0}
  m_PrefabInstance: {fileID: 0}
  m_PrefabAsset: {fileID: 0}
  m_GameObject: {fileID: 278809744111042580}
  serializedVersion: 2
  m_LocalRotation: {x: 0, y: -0, z: -0, w: 1}
  m_LocalPosition: {x: -0, y: 0.00754124, z: 0}
  m_LocalScale: {x: 1, y: 1, z: 1}
  m_ConstrainProportionsScale: 0
  m_Children:
  - {fileID: 4845470572278570956}
  m_Father: {fileID: 7755030419667484786}
  m_LocalEulerAnglesHint: {x: 0, y: 0, z: 0}
--- !u!1 &436555935615556285
GameObject:
  m_ObjectHideFlags: 0
  m_CorrespondingSourceObject: {fileID: 0}
  m_PrefabInstance: {fileID: 0}
  m_PrefabAsset: {fileID: 0}
  serializedVersion: 6
  m_Component:
  - component: {fileID: 5429940981410359388}
  m_Layer: 0
  m_Name: Bone.003.R_end
  m_TagString: Untagged
  m_Icon: {fileID: 0}
  m_NavMeshLayer: 0
  m_StaticEditorFlags: 0
  m_IsActive: 1
--- !u!4 &5429940981410359388
Transform:
  m_ObjectHideFlags: 0
  m_CorrespondingSourceObject: {fileID: 0}
  m_PrefabInstance: {fileID: 0}
  m_PrefabAsset: {fileID: 0}
  m_GameObject: {fileID: 436555935615556285}
  serializedVersion: 2
  m_LocalRotation: {x: 0, y: -0, z: -0, w: 1}
  m_LocalPosition: {x: -0, y: 0.006480967, z: 0}
  m_LocalScale: {x: 1, y: 1, z: 1}
  m_ConstrainProportionsScale: 0
  m_Children: []
  m_Father: {fileID: 1852410340752602917}
  m_LocalEulerAnglesHint: {x: 0, y: 0, z: 0}
--- !u!1 &1896615319910333789
GameObject:
  m_ObjectHideFlags: 0
  m_CorrespondingSourceObject: {fileID: 0}
  m_PrefabInstance: {fileID: 0}
  m_PrefabAsset: {fileID: 0}
  serializedVersion: 6
  m_Component:
  - component: {fileID: 5417503804603075386}
  m_Layer: 0
  m_Name: Bone.003.L
  m_TagString: Untagged
  m_Icon: {fileID: 0}
  m_NavMeshLayer: 0
  m_StaticEditorFlags: 0
  m_IsActive: 1
--- !u!4 &5417503804603075386
Transform:
  m_ObjectHideFlags: 0
  m_CorrespondingSourceObject: {fileID: 0}
  m_PrefabInstance: {fileID: 0}
  m_PrefabAsset: {fileID: 0}
  m_GameObject: {fileID: 1896615319910333789}
  serializedVersion: 2
  m_LocalRotation: {x: 0.000000026571804, y: 0.00000007995689, z: 0.7071068, w: 0.7071067}
  m_LocalPosition: {x: -0.0057203085, y: 0.005986182, z: 0.0000000012194222}
  m_LocalScale: {x: 1, y: 1, z: 1}
  m_ConstrainProportionsScale: 0
  m_Children:
  - {fileID: 6614492928649584222}
  m_Father: {fileID: 7755030419667484786}
  m_LocalEulerAnglesHint: {x: 0, y: 0, z: 0}
--- !u!1 &2051007061350858572
GameObject:
  m_ObjectHideFlags: 0
  m_CorrespondingSourceObject: {fileID: 0}
  m_PrefabInstance: {fileID: 0}
  m_PrefabAsset: {fileID: 0}
  serializedVersion: 6
  m_Component:
  - component: {fileID: 7755030419667484786}
  m_Layer: 0
  m_Name: Bone
  m_TagString: Untagged
  m_Icon: {fileID: 0}
  m_NavMeshLayer: 0
  m_StaticEditorFlags: 0
  m_IsActive: 1
--- !u!4 &7755030419667484786
Transform:
  m_ObjectHideFlags: 0
  m_CorrespondingSourceObject: {fileID: 0}
  m_PrefabInstance: {fileID: 0}
  m_PrefabAsset: {fileID: 0}
  m_GameObject: {fileID: 2051007061350858572}
  serializedVersion: 2
  m_LocalRotation: {x: 0.7071068, y: -0.00000008429372, z: -0.0000000842937, w: 0.7071067}
  m_LocalPosition: {x: -0, y: 0, z: 0.0020087333}
  m_LocalScale: {x: 1, y: 1, z: 1}
  m_ConstrainProportionsScale: 0
  m_Children:
  - {fileID: 4440379300580900899}
  - {fileID: 5417503804603075386}
  - {fileID: 1852410340752602917}
  m_Father: {fileID: 1907629167732004096}
  m_LocalEulerAnglesHint: {x: 0, y: 0, z: 0}
--- !u!1 &2357201481214354139
GameObject:
  m_ObjectHideFlags: 0
  m_CorrespondingSourceObject: {fileID: 0}
  m_PrefabInstance: {fileID: 0}
  m_PrefabAsset: {fileID: 0}
  serializedVersion: 6
  m_Component:
  - component: {fileID: 7427805794695504023}
  - component: {fileID: 1080442930394755744}
  m_Layer: 0
  m_Name: Mc.007
  m_TagString: Untagged
  m_Icon: {fileID: 0}
  m_NavMeshLayer: 0
  m_StaticEditorFlags: 0
  m_IsActive: 1
--- !u!4 &7427805794695504023
Transform:
  m_ObjectHideFlags: 0
  m_CorrespondingSourceObject: {fileID: 0}
  m_PrefabInstance: {fileID: 0}
  m_PrefabAsset: {fileID: 0}
  m_GameObject: {fileID: 2357201481214354139}
  serializedVersion: 2
  m_LocalRotation: {x: -0.49999994, y: 0.5000001, z: 0.50000006, w: -0.49999988}
  m_LocalPosition: {x: 3.0736413, y: 2.176748, z: 0.00000018719585}
  m_LocalScale: {x: 0.32692504, y: 0.4213647, z: 1.2291611}
  m_ConstrainProportionsScale: 0
  m_Children: []
  m_Father: {fileID: 4184571021515512319}
  m_LocalEulerAnglesHint: {x: 0, y: 0, z: 0}
--- !u!137 &1080442930394755744
SkinnedMeshRenderer:
  m_ObjectHideFlags: 0
  m_CorrespondingSourceObject: {fileID: 0}
  m_PrefabInstance: {fileID: 0}
  m_PrefabAsset: {fileID: 0}
  m_GameObject: {fileID: 2357201481214354139}
  m_Enabled: 1
  m_CastShadows: 1
  m_ReceiveShadows: 1
  m_DynamicOccludee: 1
  m_StaticShadowCaster: 0
  m_MotionVectors: 1
  m_LightProbeUsage: 1
  m_ReflectionProbeUsage: 1
  m_RayTracingMode: 3
  m_RayTraceProcedural: 0
  m_RenderingLayerMask: 1
  m_RendererPriority: 0
  m_Materials:
  - {fileID: -6478536213147159724, guid: df64bb5e831dac747be8ca4b11457887, type: 3}
  - {fileID: 4632032932480542845, guid: df64bb5e831dac747be8ca4b11457887, type: 3}
  - {fileID: 4835078630258379571, guid: df64bb5e831dac747be8ca4b11457887, type: 3}
  - {fileID: -2404891402701243345, guid: df64bb5e831dac747be8ca4b11457887, type: 3}
  - {fileID: -414921334540547795, guid: df64bb5e831dac747be8ca4b11457887, type: 3}
  - {fileID: -6743149473128302440, guid: df64bb5e831dac747be8ca4b11457887, type: 3}
  - {fileID: 8335118784407795476, guid: df64bb5e831dac747be8ca4b11457887, type: 3}
  m_StaticBatchInfo:
    firstSubMesh: 0
    subMeshCount: 0
  m_StaticBatchRoot: {fileID: 0}
  m_ProbeAnchor: {fileID: 0}
  m_LightProbeVolumeOverride: {fileID: 0}
  m_ScaleInLightmap: 1
  m_ReceiveGI: 1
  m_PreserveUVs: 0
  m_IgnoreNormalsForChartDetection: 0
  m_ImportantGI: 0
  m_StitchLightmapSeams: 1
  m_SelectedEditorRenderState: 3
  m_MinimumChartSize: 4
  m_AutoUVMaxDistance: 0.5
  m_AutoUVMaxAngle: 89
  m_LightmapParameters: {fileID: 0}
  m_SortingLayerID: 0
  m_SortingLayer: 0
  m_SortingOrder: 0
  serializedVersion: 2
  m_Quality: 0
  m_UpdateWhenOffscreen: 0
  m_SkinnedMotionVectors: 1
  m_Mesh: {fileID: 8689416264620629974, guid: df64bb5e831dac747be8ca4b11457887, type: 3}
  m_Bones:
  - {fileID: 7755030419667484786}
  - {fileID: 4440379300580900899}
  - {fileID: 4845470572278570956}
  - {fileID: 6120167287683820886}
  - {fileID: 5417503804603075386}
  - {fileID: 1852410340752602917}
  - {fileID: 873169346111936819}
  - {fileID: 2843560510282781803}
  m_BlendShapeWeights: []
  m_RootBone: {fileID: 7755030419667484786}
  m_AABB:
    m_Center: {x: 0.00000030361116, y: 0.005877694, z: -0.0005409289}
    m_Extent: {x: 0.011810122, y: 0.01341508, z: 0.0057300013}
  m_DirtyAABB: 0
--- !u!1 &3127737925926176177
GameObject:
  m_ObjectHideFlags: 0
  m_CorrespondingSourceObject: {fileID: 0}
  m_PrefabInstance: {fileID: 0}
  m_PrefabAsset: {fileID: 0}
  serializedVersion: 6
  m_Component:
  - component: {fileID: 275931196116855005}
  - component: {fileID: 7586682015596278310}
  m_Layer: 0
  m_Name: Pickup
  m_TagString: Untagged
  m_Icon: {fileID: 0}
  m_NavMeshLayer: 0
  m_StaticEditorFlags: 0
  m_IsActive: 1
--- !u!4 &275931196116855005
Transform:
  m_ObjectHideFlags: 0
  m_CorrespondingSourceObject: {fileID: 0}
  m_PrefabInstance: {fileID: 0}
  m_PrefabAsset: {fileID: 0}
  m_GameObject: {fileID: 3127737925926176177}
  serializedVersion: 2
  m_LocalRotation: {x: 0, y: 0, z: 0, w: 1}
  m_LocalPosition: {x: -0.22, y: 0.75, z: 0.5}
  m_LocalScale: {x: 4, y: 4, z: 4}
  m_ConstrainProportionsScale: 0
  m_Children: []
  m_Father: {fileID: 4184571021515512319}
  m_LocalEulerAnglesHint: {x: 0, y: 0, z: 0}
--- !u!114 &7586682015596278310
MonoBehaviour:
  m_ObjectHideFlags: 0
  m_CorrespondingSourceObject: {fileID: 0}
  m_PrefabInstance: {fileID: 0}
  m_PrefabAsset: {fileID: 0}
  m_GameObject: {fileID: 3127737925926176177}
  m_Enabled: 1
  m_EditorHideFlags: 0
  m_Script: {fileID: 11500000, guid: 34c481b904f57bf49838e8c760317ae8, type: 3}
  m_Name: 
  m_EditorClassIdentifier: 
  _chck: 0
--- !u!1 &5015276154364501227
GameObject:
  m_ObjectHideFlags: 0
  m_CorrespondingSourceObject: {fileID: 0}
  m_PrefabInstance: {fileID: 0}
  m_PrefabAsset: {fileID: 0}
  serializedVersion: 6
  m_Component:
  - component: {fileID: 873169346111936819}
  m_Layer: 0
  m_Name: Bone.002
  m_TagString: Untagged
  m_Icon: {fileID: 0}
  m_NavMeshLayer: 0
  m_StaticEditorFlags: 0
  m_IsActive: 1
--- !u!4 &873169346111936819
Transform:
  m_ObjectHideFlags: 0
  m_CorrespondingSourceObject: {fileID: 0}
  m_PrefabInstance: {fileID: 0}
  m_PrefabAsset: {fileID: 0}
  m_GameObject: {fileID: 5015276154364501227}
  serializedVersion: 2
  m_LocalRotation: {x: -0.60932004, y: -0.00000009452398, z: 0.00000007263662, w: 0.7929244}
  m_LocalPosition: {x: -0, y: 0, z: 0.0011573622}
  m_LocalScale: {x: 1, y: 1, z: 1}
  m_ConstrainProportionsScale: 0
  m_Children:
  - {fileID: 2843560510282781803}
  m_Father: {fileID: 1907629167732004096}
  m_LocalEulerAnglesHint: {x: 0, y: 0, z: 0}
--- !u!1 &5843027298591097783
GameObject:
  m_ObjectHideFlags: 0
  m_CorrespondingSourceObject: {fileID: 0}
  m_PrefabInstance: {fileID: 0}
  m_PrefabAsset: {fileID: 0}
  serializedVersion: 6
  m_Component:
  - component: {fileID: 1907629167732004096}
  m_Layer: 0
  m_Name: Armature
  m_TagString: Untagged
  m_Icon: {fileID: 0}
  m_NavMeshLayer: 0
  m_StaticEditorFlags: 0
  m_IsActive: 1
--- !u!4 &1907629167732004096
Transform:
  m_ObjectHideFlags: 0
  m_CorrespondingSourceObject: {fileID: 0}
  m_PrefabInstance: {fileID: 0}
  m_PrefabAsset: {fileID: 0}
  m_GameObject: {fileID: 5843027298591097783}
  serializedVersion: 2
  m_LocalRotation: {x: -0.7071068, y: -0.000000030908623, z: -0.000000030908623, w: 0.7071068}
  m_LocalPosition: {x: -0, y: -0.9738187, z: 0}
  m_LocalScale: {x: 394.7796, y: 394.7796, z: 394.7796}
  m_ConstrainProportionsScale: 0
  m_Children:
  - {fileID: 7755030419667484786}
  - {fileID: 873169346111936819}
  m_Father: {fileID: 4184571021515512319}
  m_LocalEulerAnglesHint: {x: 0, y: 0, z: 0}
--- !u!1 &6118505904123123585
GameObject:
  m_ObjectHideFlags: 0
  m_CorrespondingSourceObject: {fileID: 0}
  m_PrefabInstance: {fileID: 0}
  m_PrefabAsset: {fileID: 0}
  serializedVersion: 6
  m_Component:
  - component: {fileID: 2843560510282781803}
  m_Layer: 0
  m_Name: Bone.003
  m_TagString: Untagged
  m_Icon: {fileID: 0}
  m_NavMeshLayer: 0
  m_StaticEditorFlags: 0
  m_IsActive: 1
--- !u!4 &2843560510282781803
Transform:
  m_ObjectHideFlags: 0
  m_CorrespondingSourceObject: {fileID: 0}
  m_PrefabInstance: {fileID: 0}
  m_PrefabAsset: {fileID: 0}
  m_GameObject: {fileID: 6118505904123123585}
  serializedVersion: 2
  m_LocalRotation: {x: 0.24776866, y: -0.027577868, z: 0.24242945, w: 0.9375917}
  m_LocalPosition: {x: -4.440892e-18, y: 0.003855978, z: -1.8626451e-11}
  m_LocalScale: {x: 0.99999994, y: 1, z: 0.9999999}
  m_ConstrainProportionsScale: 0
  m_Children:
  - {fileID: 3209804510028174660}
  m_Father: {fileID: 873169346111936819}
  m_LocalEulerAnglesHint: {x: 0, y: 0, z: 0}
--- !u!1 &6441350815614509908
GameObject:
  m_ObjectHideFlags: 0
  m_CorrespondingSourceObject: {fileID: 0}
  m_PrefabInstance: {fileID: 0}
  m_PrefabAsset: {fileID: 0}
  serializedVersion: 6
  m_Component:
  - component: {fileID: 6614492928649584222}
  m_Layer: 0
  m_Name: Bone.003.L_end
  m_TagString: Untagged
  m_Icon: {fileID: 0}
  m_NavMeshLayer: 0
  m_StaticEditorFlags: 0
  m_IsActive: 1
--- !u!4 &6614492928649584222
Transform:
  m_ObjectHideFlags: 0
  m_CorrespondingSourceObject: {fileID: 0}
  m_PrefabInstance: {fileID: 0}
  m_PrefabAsset: {fileID: 0}
  m_GameObject: {fileID: 6441350815614509908}
  serializedVersion: 2
  m_LocalRotation: {x: 0, y: -0, z: -0, w: 1}
  m_LocalPosition: {x: -0, y: 0.006480967, z: 0}
  m_LocalScale: {x: 1, y: 1, z: 1}
  m_ConstrainProportionsScale: 0
  m_Children: []
  m_Father: {fileID: 5417503804603075386}
  m_LocalEulerAnglesHint: {x: 0, y: 0, z: 0}
--- !u!1 &6860593476447896630
GameObject:
  m_ObjectHideFlags: 0
  m_CorrespondingSourceObject: {fileID: 0}
  m_PrefabInstance: {fileID: 0}
  m_PrefabAsset: {fileID: 0}
  serializedVersion: 6
  m_Component:
  - component: {fileID: 6185019522389261069}
  m_Layer: 0
  m_Name: Bone.005_end
  m_TagString: Untagged
  m_Icon: {fileID: 0}
  m_NavMeshLayer: 0
  m_StaticEditorFlags: 0
  m_IsActive: 1
--- !u!4 &6185019522389261069
Transform:
  m_ObjectHideFlags: 0
  m_CorrespondingSourceObject: {fileID: 0}
  m_PrefabInstance: {fileID: 0}
  m_PrefabAsset: {fileID: 0}
  m_GameObject: {fileID: 6860593476447896630}
  serializedVersion: 2
  m_LocalRotation: {x: 0, y: -0, z: -0, w: 1}
  m_LocalPosition: {x: -0, y: 0.0028379033, z: 0}
  m_LocalScale: {x: 1, y: 1, z: 1}
  m_ConstrainProportionsScale: 0
  m_Children: []
  m_Father: {fileID: 6120167287683820886}
  m_LocalEulerAnglesHint: {x: 0, y: 0, z: 0}
--- !u!1 &7496757641650950382
GameObject:
  m_ObjectHideFlags: 0
  m_CorrespondingSourceObject: {fileID: 0}
  m_PrefabInstance: {fileID: 0}
  m_PrefabAsset: {fileID: 0}
  serializedVersion: 6
  m_Component:
  - component: {fileID: 4845470572278570956}
  m_Layer: 0
  m_Name: Bone.004
  m_TagString: Untagged
  m_Icon: {fileID: 0}
  m_NavMeshLayer: 0
  m_StaticEditorFlags: 0
  m_IsActive: 1
--- !u!4 &4845470572278570956
Transform:
  m_ObjectHideFlags: 0
  m_CorrespondingSourceObject: {fileID: 0}
  m_PrefabInstance: {fileID: 0}
  m_PrefabAsset: {fileID: 0}
  m_GameObject: {fileID: 7496757641650950382}
  serializedVersion: 2
  m_LocalRotation: {x: 0, y: 7.1054274e-15, z: -0, w: 1}
  m_LocalPosition: {x: -0, y: 0.0023070234, z: 0}
  m_LocalScale: {x: 1, y: 0.99999994, z: 1}
  m_ConstrainProportionsScale: 0
  m_Children:
  - {fileID: 6120167287683820886}
  m_Father: {fileID: 4440379300580900899}
  m_LocalEulerAnglesHint: {x: 0, y: 0, z: 0}
--- !u!1 &9005875775459710596
GameObject:
  m_ObjectHideFlags: 0
  m_CorrespondingSourceObject: {fileID: 0}
  m_PrefabInstance: {fileID: 0}
  m_PrefabAsset: {fileID: 0}
  serializedVersion: 6
  m_Component:
  - component: {fileID: 4184571021515512319}
  - component: {fileID: 9001833415081697443}
  - component: {fileID: 4015783014182573814}
  - component: {fileID: 7813557719387982543}
  - component: {fileID: 7498790802517468307}
  - component: {fileID: 4311767796052114416}
  - component: {fileID: 6747201221868079448}
  m_Layer: 0
  m_Name: Player
  m_TagString: Untagged
  m_Icon: {fileID: 0}
  m_NavMeshLayer: 0
  m_StaticEditorFlags: 0
  m_IsActive: 1
--- !u!4 &4184571021515512319
Transform:
  m_ObjectHideFlags: 0
  m_CorrespondingSourceObject: {fileID: 0}
  m_PrefabInstance: {fileID: 0}
  m_PrefabAsset: {fileID: 0}
  m_GameObject: {fileID: 9005875775459710596}
  serializedVersion: 2
  m_LocalRotation: {x: 0, y: 0, z: 0, w: 1}
  m_LocalPosition: {x: 0.007, y: 0.48, z: 0.434}
  m_LocalScale: {x: 0.15, y: 0.15, z: 0.15}
  m_ConstrainProportionsScale: 0
  m_Children:
  - {fileID: 1907629167732004096}
  - {fileID: 7427805794695504023}
  - {fileID: 275931196116855005}
  m_Father: {fileID: 0}
  m_LocalEulerAnglesHint: {x: 0, y: 0, z: 0}
--- !u!95 &9001833415081697443
Animator:
  serializedVersion: 5
  m_ObjectHideFlags: 0
  m_CorrespondingSourceObject: {fileID: 0}
  m_PrefabInstance: {fileID: 0}
  m_PrefabAsset: {fileID: 0}
  m_GameObject: {fileID: 9005875775459710596}
  m_Enabled: 1
  m_Avatar: {fileID: 9000000, guid: df64bb5e831dac747be8ca4b11457887, type: 3}
  m_Controller: {fileID: 9100000, guid: fa28064f25e2bde478808fd040bca181, type: 2}
  m_CullingMode: 1
  m_UpdateMode: 0
  m_ApplyRootMotion: 0
  m_LinearVelocityBlending: 0
  m_StabilizeFeet: 0
  m_WarningMessage: 
  m_HasTransformHierarchy: 1
  m_AllowConstantClipSamplingOptimization: 1
  m_KeepAnimatorStateOnDisable: 0
  m_WriteDefaultValuesOnDisable: 0
--- !u!54 &4015783014182573814
Rigidbody:
  m_ObjectHideFlags: 0
  m_CorrespondingSourceObject: {fileID: 0}
  m_PrefabInstance: {fileID: 0}
  m_PrefabAsset: {fileID: 0}
  m_GameObject: {fileID: 9005875775459710596}
  serializedVersion: 4
  m_Mass: 1
  m_Drag: 0
  m_AngularDrag: 0
  m_CenterOfMass: {x: 0, y: 0, z: 0}
  m_InertiaTensor: {x: 1, y: 1, z: 1}
  m_InertiaRotation: {x: 0, y: 0, z: 0, w: 1}
  m_IncludeLayers:
    serializedVersion: 2
    m_Bits: 0
  m_ExcludeLayers:
    serializedVersion: 2
    m_Bits: 0
  m_ImplicitCom: 1
  m_ImplicitTensor: 1
  m_UseGravity: 0
  m_IsKinematic: 1
  m_Interpolate: 0
  m_Constraints: 126
  m_CollisionDetection: 1
--- !u!136 &7813557719387982543
CapsuleCollider:
  m_ObjectHideFlags: 0
  m_CorrespondingSourceObject: {fileID: 0}
  m_PrefabInstance: {fileID: 0}
  m_PrefabAsset: {fileID: 0}
  m_GameObject: {fileID: 9005875775459710596}
  m_Material: {fileID: 0}
  m_IncludeLayers:
    serializedVersion: 2
    m_Bits: 0
  m_ExcludeLayers:
    serializedVersion: 2
    m_Bits: 0
  m_LayerOverridePriority: 0
  m_IsTrigger: 0
  m_ProvidesContacts: 0
  m_Enabled: 1
  serializedVersion: 2
  m_Radius: 1.4250346
  m_Height: 7.803273
  m_Direction: 1
  m_Center: {x: 0.13212943, y: 1.3007951, z: 0.16934693}
--- !u!114 &7498790802517468307
MonoBehaviour:
  m_ObjectHideFlags: 0
  m_CorrespondingSourceObject: {fileID: 0}
  m_PrefabInstance: {fileID: 0}
  m_PrefabAsset: {fileID: 0}
  m_GameObject: {fileID: 9005875775459710596}
  m_Enabled: 1
  m_EditorHideFlags: 0
  m_Script: {fileID: 11500000, guid: b27d902ad42ea104b9e09c5cce7dd7ce, type: 3}
  m_Name: 
  m_EditorClassIdentifier: 
  InteractorSource: {fileID: 4184571021515512319}
  InteractRange: 1
--- !u!143 &4311767796052114416
CharacterController:
  m_ObjectHideFlags: 0
  m_CorrespondingSourceObject: {fileID: 0}
  m_PrefabInstance: {fileID: 0}
  m_PrefabAsset: {fileID: 0}
  m_GameObject: {fileID: 9005875775459710596}
  m_Material: {fileID: 0}
  m_IncludeLayers:
    serializedVersion: 2
    m_Bits: 0
  m_ExcludeLayers:
    serializedVersion: 2
    m_Bits: 0
  m_LayerOverridePriority: 0
  m_IsTrigger: 0
  m_ProvidesContacts: 0
  m_Enabled: 1
  serializedVersion: 3
  m_Height: 2
  m_Radius: 0.5
  m_SlopeLimit: 45
  m_StepOffset: 0.3
  m_SkinWidth: 0.08
  m_MinMoveDistance: 0.001
  m_Center: {x: 0, y: 0, z: 0}
--- !u!114 &6747201221868079448
MonoBehaviour:
  m_ObjectHideFlags: 0
  m_CorrespondingSourceObject: {fileID: 0}
  m_PrefabInstance: {fileID: 0}
  m_PrefabAsset: {fileID: 0}
  m_GameObject: {fileID: 9005875775459710596}
  m_Enabled: 1
  m_EditorHideFlags: 0
  m_Script: {fileID: 11500000, guid: 720c3841bd385b84888f7614cd6efb53, type: 3}
  m_Name: 
  m_EditorClassIdentifier: 
  PlayerSpeed: 5
  gravityValue: 0
  controllerDeadzone: 0.1
--- !u!1 &9102143488678213978
GameObject:
  m_ObjectHideFlags: 0
  m_CorrespondingSourceObject: {fileID: 0}
  m_PrefabInstance: {fileID: 0}
  m_PrefabAsset: {fileID: 0}
  serializedVersion: 6
  m_Component:
  - component: {fileID: 1852410340752602917}
  m_Layer: 0
  m_Name: Bone.003.R
  m_TagString: Untagged
  m_Icon: {fileID: 0}
  m_NavMeshLayer: 0
  m_StaticEditorFlags: 0
  m_IsActive: 1
--- !u!4 &1852410340752602917
Transform:
  m_ObjectHideFlags: 0
  m_CorrespondingSourceObject: {fileID: 0}
  m_PrefabInstance: {fileID: 0}
  m_PrefabAsset: {fileID: 0}
  m_GameObject: {fileID: 9102143488678213978}
  serializedVersion: 2
  m_LocalRotation: {x: -0.00000014201561, y: 0.00000008863054, z: -0.7071068, w: 0.7071067}
  m_LocalPosition: {x: 0.0057203085, y: 0.005986182, z: -0.0000000015082333}
  m_LocalScale: {x: 1, y: 1, z: 1}
  m_ConstrainProportionsScale: 0
  m_Children:
  - {fileID: 5429940981410359388}
  m_Father: {fileID: 7755030419667484786}
  m_LocalEulerAnglesHint: {x: 0, y: 0, z: 0}
--- !u!1 &9126984568596979664
GameObject:
  m_ObjectHideFlags: 0
  m_CorrespondingSourceObject: {fileID: 0}
  m_PrefabInstance: {fileID: 0}
  m_PrefabAsset: {fileID: 0}
  serializedVersion: 6
  m_Component:
  - component: {fileID: 3209804510028174660}
  m_Layer: 0
  m_Name: Bone.003_end
  m_TagString: Untagged
  m_Icon: {fileID: 0}
  m_NavMeshLayer: 0
  m_StaticEditorFlags: 0
  m_IsActive: 1
--- !u!4 &3209804510028174660
Transform:
  m_ObjectHideFlags: 0
  m_CorrespondingSourceObject: {fileID: 0}
  m_PrefabInstance: {fileID: 0}
  m_PrefabAsset: {fileID: 0}
  m_GameObject: {fileID: 9126984568596979664}
  serializedVersion: 2
  m_LocalRotation: {x: 0, y: -0, z: -0, w: 1}
  m_LocalPosition: {x: -0, y: 0.0032904004, z: 0}
  m_LocalScale: {x: 1, y: 1, z: 1}
  m_ConstrainProportionsScale: 0
  m_Children: []
  m_Father: {fileID: 2843560510282781803}
  m_LocalEulerAnglesHint: {x: 0, y: 0, z: 0}
